
@article{ciccolella2025b,
  title = {Cancer progression inference using a finite-state model to allow recurrences and losses of mutations},
  issn = {1433-3058},
  url = {https://doi.org/10.1007/s00521-025-11474-1},
  doi = {10.1007/s00521-025-11474-1},
  abstract = {The inference of cancer evolutionary histories is a key step for the understanding and treatment of the disease; thus, many tools had been developed in the last decade to address this important problem. However, methods for inferring tumor phylogenies need to strike a balance between keeping reasonable running times and employing sophisticated evolution models. Binary characters, such as single-nucleotide variants and known mutations, which is our focus, is an example of a simple model that is able to capture most relevant cases—but not copy number variants. On binary characters, most methods are designed for simpler models where mutations can only be accumulated under the infinite sites assumption; however, those models tend to be too simplistic for real case scenarios. While the most explored direction in the context of binary characters is to allow mutation losses, in this paper, we introduce an even more general model, where each mutation can be acquired and lost more than once. We describe this model, provide a simulated annealing approach exploiting this novel evolutionary framework, and show its accuracy on different sets of experimental evaluations when compared to less general models, and demonstrate potential application to real data.},
  language = {en},
  urldate = {2025-07-29},
  journal = {Neural Computing and Applications},
  author = {Ciccolella, Simone and Patterson, Murray and Hajirasouliha, Iman and Della Vedova, Gianluca},
  month = jul,
  year = {2025},
  keywords = {Algorithm, Bioinformatics, Cancer Biology, Cancer Models, Clonal selection, Markov Process, Non-parametric Inference, Oncogenesis, Phylogeny, resasc, Simulated annealing},
  file = {Full Text PDF:/home/gianluca/zotero/storage/9NG73RTN/Ciccolella et al. - 2025 - Cancer progression inference using a finite-state model to allow recurrences and losses of mutations.pdf:application/pdf},
}

@article{bonizzoni2025,
  title = {On recognizing graphs representing persistent perfect phylogenies},
  issn = {1572-9796},
  url = {https://doi.org/10.1007/s11047-025-10039-4},
  doi = {10.1007/s11047-025-10039-4},
  urldate = {2025-07-27},
  journal = {Natural Computing},
  author = {Bonizzoni, Paola and Della Vedova, Gianluca and Soto Gomez, Mauricio and Trucco, Gabriella},
  year = {2025},
  keywords = {Bioinformatics, Biological Taxonomy, Computational Complexity, Dollo parsimony, Graph Theory, Persistent Perfect Phylogeny., Phylogenetics, Phylogeny, Sequence Annotation},
  file = {Full Text PDF:/home/gianluca/zotero/storage/8T4E6FV7/Bonizzoni et al. - 2025 - On recognizing graphs representing persistent perfect phylogenies.pdf:application/pdf},
}


@article{ciccolella2025,
    title = {Differential analysis of alternative splicing events in gene regions using residual neural networks},
    volume = 37,
    copyright = {2025 The Author(s)},
    issn = {1433-3058},
    url = {https://link.springer.com/article/10.1007/s00521-025-10992-2},
    doi = {10.1007/s00521-025-10992-2},
    number = 9,
    urldate = {2025-03-07},
    journal = {Neural Computing and Applications},
    author = {Ciccolella, Simone and Denti, Luca and Avila Cartes, Jorge and Della Vedova, Gianluca and Pirola, Yuri and Rizzi, Raffaella and Bonizzoni, Paola},
    year = 2025,
    pages = {6819--6829},
    file = {Full Text PDF:/home/gianluca/zotero/storage/R8KY242S/Ciccolella et al. - 2025 - Differential analysis of alternative splicing events in gene regions using residual neural networks.pdf:application/pdf},
}


@article{ciccolella2024,
  title = {Differential quantification of alternative splicing events on spliced pangenome graphs},
  volume = {20},
  issn = {1553-7358},
  url = {https://journals.plos.org/ploscompbiol/article?id=10.1371/journal.pcbi.1012665},
  doi = {10.1371/journal.pcbi.1012665},
  language = {en},
  number = {12},
  urldate = {2025-07-27},
  journal = {PLOS Computational Biology},
  author = {Ciccolella, Simone and Cozzi, Davide and Vedova, Gianluca Della and Kuria, Stephen Njuguna and Bonizzoni, Paola and Denti, Luca},
  year = {2024},
  keywords = {Alternative splicing, Drosophila melanogaster, Genetic polymorphism, Genome annotation, Genomics, Graphs, Haplotypes, Reverse transcriptase-polymerase chain reaction},
  pages = {e1012665},
  file = {Full Text PDF:/home/gianluca/zotero/storage/J78NJX3I/Ciccolella et al. - 2024 - Differential quantification of alternative splicing events on spliced pangenome graphs.pdf:application/pdf},
}


@article{avilacartes2024a,
    title = {{PangeBlocks}: customized construction of pangenome graphs via maximal blocks},
    volume = 25,
    issn = {1471-2105},
    shorttitle = {{PangeBlocks}},
    url = {https://doi.org/10.1186/s12859-024-05958-5},
    doi = {10.1186/s12859-024-05958-5},
    number = 1,
    urldate = {2024-11-29},
    journal = {BMC Bioinformatics},
    author = {Avila  Cartes, Jorge and Bonizzoni, Paola and Ciccolella, Simone and Della  Vedova, Gianluca and Denti, Luca},
    year = 2024,
    keywords = {Integer linear programming, Maximal blocks, Pangenome graphs, Variation graph construction},
    pages = 344,
    file = {Full Text PDF:/home/gianluca/zotero/storage/4N6JIUT3/Avila  Cartes et al. - 2024 - PangeBlocks customized construction of pangenome graphs via maximal blocks.pdf:application/pdf},
}


@article{avilacartes2024,
    title = {{RecGraph}: recombination-aware alignment of sequences to variation graphs},
    volume = 40,
    copyright = {https://creativecommons.org/licenses/by/4.0/},
    issn = {1367-4811},
    shorttitle = {{RecGraph}},
    url = {https://academic.oup.com/bioinformatics/article/doi/10.1093/bioinformatics/btae292/7658945},
    doi = {10.1093/bioinformatics/btae292},
    language = {en},
    number = 5,
    urldate = {2024-07-03},
    journal = {Bioinformatics},
    author = {Avila Cartes, Jorge and Bonizzoni, Paola and Ciccolella, Simone and Della Vedova, Gianluca and Denti, Luca and Didelot, Xavier and Monti, Davide Cesare and Pirola, Yuri},
    editor = {Valencia, Alfonso},
    code = {https://github.com/AlgoLab/RecGraph},
    year = 2024,
    keywords = {⛔ No INSPIRE recid found},
    pages = {btae292},
    file = {Full Text:/home/gianluca/zotero/storage/Q43TLHFY/Avila Cartes et al. - 2024 - RecGraph recombination-aware alignment of sequenc.pdf:application/pdf},
}


@Article{a16070333,
  author          = {Ciccolella, Simone and Della Vedova, Gianluca and
Filipović, Vladimir and Soto Gomez, Mauricio},
  title           = {Three Metaheuristic Approaches for Tumor Phylogeny
Inference: An Experimental Comparison},
  journal         = {Algorithms},
  year            = 2023,
  volume          = 16,
  number          = 7,
  issn            = {1999-4893},
  doi             = {10.3390/a16070333},
  url             = {https://www.mdpi.com/1999-4893/16/7/333},
  ARTICLE-NUMBER  = 333
}

@article{chourasiaReads2VecEfficientEmbedding2023,
  title = {{Reads2Vec}: {Efficient} {Embedding} of {Raw} {High}-{Throughput} {Sequencing} {Reads} {Data}},
  issn = {1557-8666},
  shorttitle = {{Reads2Vec}},
  url = {https://www.liebertpub.com/doi/10.1089/cmb.2022.0424},
  doi = {10.1089/cmb.2022.0424},
  language = {en},
  urldate = {2023-02-03},
  journal = {Journal of Computational Biology},
    author = {Chourasia, Prakash and Ali, Sarwan and Ciccolella, Simone and
Della Vedova, Gianluca and Patterson, Murray},
  year = {2023},
  pages = {cmb.2022.0424},
}


@article{10.1093/gigascience/giac119,
    author = {Avila Cartes, Jorge and Anand, Santosh and Ciccolella, Simone and Bonizzoni, Paola and Della Vedova, Gianluca},
    title = "{Accurate and fast clade assignment via deep learning and frequency chaos game representation}",
    journal = {GigaScience},
    volume = {12},
    year = {2022},
    code = "https://github.com/AlgoLab/CouGaR-g",
    issn = {2047-217X},
    doi = {10.1093/gigascience/giac119},
    url = {https://doi.org/10.1093/gigascience/giac119},
    eprint = {https://academic.oup.com/gigascience/article-pdf/doi/10.1093/gigascience/giac119/48437834/giac119\_reviewer\_2\_report\_revision\_1.pdf},
}

@article{baaijensComputationalGraphPangenomics2022,
  title = {Computational graph pangenomics: a tutorial on data structures and their applications},
  issn = {1567-7818, 1572-9796},
  shorttitle = {Computational graph pangenomics},
  url = {https://link.springer.com/10.1007/s11047-022-09882-6},
  doi = {10.1007/s11047-022-09882-6},
  language = {en},
  urldate = {2022-03-07},
  journal = {Natural Computing},
  author = {Baaijens, Jasmijn A. and Bonizzoni, Paola and Boucher, Christina and Della Vedova, Gianluca and Pirola, Yuri and Rizzi, Raffaella and Sirén, Jouni},
  year = {2022},
  file = {Baaijens et al. - 2022 - Computational graph pangenomics a tutorial on dat.pdf:/home/gianluca/zotero/storage/7J2HRCQC/Baaijens et al. - 2022 - Computational graph pangenomics a tutorial on dat.pdf:application/pdf},
}


@article{ciccolellaMALVIRUSIntegratedApplication2022,
    title      = {{MALVIRUS}: an integrated application for viral variant analysis},
    volume     = {22},
    issn       = {1471-2105},
    shorttitle = {{MALVIRUS}},
    code = "https://algolab.github.io/MALVIRUS/",
    url        = {https://doi.org/10.1186/s12859-022-04668-0},
    doi        = {10.1186/s12859-022-04668-0},
    number     = {15},
    urldate    = {2022-04-20},
    journal    = {BMC Bioinformatics},
    author     = {Ciccolella, Simone and Denti, Luca and Bonizzoni, Paola and Della Vedova, Gianluca and Pirola, Yuri and Previtali, Marco},
    year       = {2021},
    keywords   = {Genotyping, Lineage classification, SARS-CoV-2, Sequence analysis, Virus},
    pages      = {625},
    file       = {Ciccolella et al. - 2022 - MALVIRUS an integrated application for viral vari.pdf:/home/gianluca/zotero/storage/VGEQW372/Ciccolella et al. - 2022 - MALVIRUS an integrated application for viral vari.pdf:application/pdf},
}

@Article{DBLP:journals/jcb/AliCLVP21,
  author          = {Sarwan Ali and Ciccolella, Simone and Lorenzo Lucarella and
Della Vedova, Gianluca and Murray Patterson},
  title           = {Simpler and Faster Development of Tumor Phylogeny Pipelines},
  journal         = {Journal of Computational Biology},
  year            = 2021,
  volume          = 28,
  number          = 11,
  pages           = {1142-1155},
  doi             = {10.1089/cmb.2021.0271},
  url             = {https://doi.org/10.1089/cmb.2021.0271},
  code            = {https://github.com/plastic-phy/plastic},
  timestamp       = {Sat, 25 Dec 2021 00:00:00 +0100},
  biburl          = {https://dblp.org/rec/journals/jcb/AliCLVP21.bib},
  bibsource       = {dblp computer science bibliography, https://dblp.org}
}

@article{DBLP:journals/bioinformatics/DentiPPCVRB21,
  author    = {Luca Denti and
               Pirola, Yuri and
               Previtali, Marco and
               Tamara Ceccato and
               Della Vedova, Gianluca and
               Rizzi, Raffaella and
               Bonizzoni, Paola},
  title     = {Shark: fishing relevant reads in an RNA-Seq sample},
  journal   = {Bioinformatics},
  volume    = {37},
  number    = {4},
  code = "https://github.com/AlgoLab/shark",
  pages     = {464--472},
  year      = {2021},
  url       = {https://doi.org/10.1093/bioinformatics/btaa779},
  doi       = {10.1093/bioinformatics/btaa779},
  timestamp = {Tue, 01 Jun 2021 01:00:00 +0200},
  biburl    = {https://dblp.org/rec/journals/bioinformatics/DentiPPCVRB21.bib},
  bibsource = {dblp computer science bibliography, https://dblp.org}
}

@article{DBLP:journals/bioinformatics/CiccolellaRGPSB21,
  author    = {Ciccolella, Simone and
               Camir Ricketts and
               Soto Gomez, Mauricio and
               Murray Patterson and
               Dana Silverbush and
               Bonizzoni, Paola and
               Iman Hajirasouliha and
               Della Vedova, Gianluca},
  title     = {Inferring cancer progression from Single-Cell Sequencing while allowing
               mutation losses},
  journal   = {Bioinformatics},
  volume    = {37},
  number    = {3},
  pages     = {326--333},
  year      = {2021},
  code = "https://github.com/sciccolella/sasc",
  url       = {https://doi.org/10.1093/bioinformatics/btaa722},
  doi       = {10.1093/bioinformatics/btaa722},
  timestamp = {Tue, 01 Jun 2021 01:00:00 +0200},
  biburl    = {https://dblp.org/rec/journals/bioinformatics/CiccolellaRGPSB21.bib},
  bibsource = {dblp computer science bibliography, https://dblp.org}
}

@article{DBLP:journals/tcs/BonizzoniVPPR21,
  author    = {Bonizzoni, Paola and
               Della Vedova, Gianluca and
               Pirola, Yuri and
               Previtali, Marco and
               Rizzi, Raffaella},
  title     = {Computing the multi-string {BWT} and {LCP} array in external memory},
  journal   = {Theoretical Computer Science},
  volume    = {862},
  pages     = {42--58},
  year      = {2021},
  url       = {https://doi.org/10.1016/j.tcs.2020.11.041},
  doi       = {10.1016/j.tcs.2020.11.041},
  timestamp = {Tue, 23 Mar 2021 00:00:00 +0100},
  biburl    = {https://dblp.org/rec/journals/tcs/BonizzoniVPPR21.bib},
  bibsource = {dblp computer science bibliography, https://dblp.org}
}

@article{DBLP:journals/titb/CiccolellaPBV21,
  author    = {Ciccolella, Simone and
               Murray Patterson and
               Bonizzoni, Paola and
               Della Vedova, Gianluca},
  title     = {Effective Clustering for Single Cell Sequencing Cancer Data},
  journal   = {{IEEE} J. Biomed. Health Informatics},
  volume    = {25},
  number    = {11},
  pages     = {4068--4078},
  year      = {2021},
  url       = {https://doi.org/10.1109/JBHI.2021.3081380},
  doi       = {10.1109/JBHI.2021.3081380},
  timestamp = {Wed, 15 Dec 2021 00:00:00 +0100},
  biburl    = {https://dblp.org/rec/journals/titb/CiccolellaPBV21.bib},
  bibsource = {dblp computer science bibliography, https://dblp.org}
}

@article{DBLP:journals/bioinformatics/CiccolellaBDBPV21,
  author    = {Ciccolella, Simone and
               Giulia Bernardini and
               Luca Denti and
               Bonizzoni, Paola and
               Previtali, Marco and
               Della Vedova, Gianluca},
  title     = {Triplet-based similarity score for fully multilabeled trees with poly-occurring
               labels},
  journal   = {Bioinformatics},
  volume    = {37},
  number    = {2},
  code = "https://github.com/AlgoLab/mp3treesim",
  pages     = {178--184},
  year      = {2021},
  url       = {https://doi.org/10.1093/bioinformatics/btaa676},
  doi       = {10.1093/bioinformatics/btaa676},
  timestamp = {Thu, 14 Oct 2021 01:00:00 +0200},
  biburl    = {https://dblp.org/rec/journals/bioinformatics/CiccolellaBDBPV21.bib},
  bibsource = {dblp computer science bibliography, https://dblp.org}
}

@article{DBLP:journals/bmcbi/CiccolellaGPVHB20,
  author    = {Ciccolella, Simone and
               Soto Gomez, Mauricio and
               Murray D. Patterson and
               Della Vedova, Gianluca and
               Iman Hajirasouliha and
               Bonizzoni, Paola},
  title     = {gpps: an {ILP}-based approach for inferring cancer progression with
               mutation losses from single cell data},
  journal   = {{BMC} Bioinformatics},
  volume    = {21-S},
  number    = {1},
  pages     = {413},
  year      = {2020},
  code = "https://github.com/AlgoLab/gpps",
  url       = {https://doi.org/10.1186/s12859-020-03736-7},
  doi       = {10.1186/s12859-020-03736-7},
  timestamp = {Thu, 14 Oct 2021 01:00:00 +0200},
  biburl    = {https://dblp.org/rec/journals/bmcbi/CiccolellaGPVHB20.bib},
  bibsource = {dblp computer science bibliography, https://dblp.org}
}

@article{DBLP:journals/tcbb/BonizzoniCVS19,
  author    = {Bonizzoni, Paola and
               Ciccolella, Simone and
               Della Vedova, Gianluca and
               Soto Gomez, Mauricio},
  title     = {Does Relaxing the Infinite Sites Assumption Give Better Tumor Phylogenies?
               An {ILP}-Based Comparative Approach},
  journal   = {{IEEE} {ACM} Trans. on Computational Biology and Bioinformatics},
  volume    = {16},
  number    = {5},
  pages     = {1410--1423},
  year      = {2019},
  code = "https://github.com/AlgoLab/gppf",
  url       = {https://doi.org/10.1109/TCBB.2018.2865729},
  doi       = {10.1109/TCBB.2018.2865729},
  timestamp = {Thu, 06 May 2021 01:00:00 +0200},
  biburl    = {https://dblp.org/rec/journals/tcbb/BonizzoniCVS19.bib},
  bibsource = {dblp computer science bibliography, https://dblp.org}
}

@article{DBLP:journals/jcb/BonizzoniVPPR19,
  author    = {Bonizzoni, Paola and
               Della Vedova, Gianluca and
               Pirola, Yuri and
               Previtali, Marco and
               Rizzi, Raffaella},
  title     = {Multithread Multistring {B}urrows-{W}heeler Transform and Longest Common
               Prefix Array},
  journal   = {Journal of Computational Biology},
  volume    = {26},
  code = "https://github.com/AlgoLab/bwt-lcp-parallel",
  number    = {9},
  pages     = {948--961},
  year      = {2019},
  url       = {https://doi.org/10.1089/cmb.2018.0230},
  doi       = {10.1089/cmb.2018.0230},
  timestamp = {Thu, 14 Oct 2021 01:00:00 +0200},
  biburl    = {https://dblp.org/rec/journals/jcb/BonizzoniVPPR19.bib},
  bibsource = {dblp computer science bibliography, https://dblp.org}
}

@article{DBLP:journals/quanbio/RizziBPPPVB19,
  author    = {Rizzi, Raffaella and
               Stefano Beretta and
               Murray Patterson and
               Pirola, Yuri and
               Previtali, Marco and
               Della Vedova, Gianluca and
               Bonizzoni, Paola},
  title     = {Overlap graphs and de {B}ruijn graphs: data structures for de novo genome
               assembly in the big data era},
  journal   = {Quantitative Biology},
  volume    = {7},
  number    = {4},
  pages     = {278--292},
  year      = {2019},
  url       = {https://doi.org/10.1007/s40484-019-0181-x},
  doi       = {10.1007/s40484-019-0181-x},
  timestamp = {Thu, 14 Oct 2021 01:00:00 +0200},
  biburl    = {https://dblp.org/rec/journals/quanbio/RizziBPPPVB19.bib},
  bibsource = {dblp computer science bibliography, https://dblp.org}
}

@article{DBLP:journals/bmcbi/BerettaPZVB18,
  author    = {Stefano Beretta and
               Murray Patterson and
               Simone Zaccaria and
               Della Vedova, Gianluca and
               Bonizzoni, Paola},
  title     = {{HapCHAT}: adaptive haplotype assembly for efficiently leveraging high
               coverage in long reads},
  journal   = {{BMC} Bioinformatics},
  volume    = {19},
  number    = {1},
  code = "https://github.com/AlgoLab/HapCHAT",
  pages     = {252:1--252:19},
  year      = {2018},
  url       = {https://doi.org/10.1186/s12859-018-2253-8},
  doi       = {10.1186/s12859-018-2253-8},
  timestamp = {Sun, 15 Mar 2020 00:00:00 +0100},
  biburl    = {https://dblp.org/rec/journals/bmcbi/BerettaPZVB18.bib},
  bibsource = {dblp computer science bibliography, https://dblp.org}
}

@article{DBLP:journals/bmcbi/DentiRBVPB18,
  author    = {Luca Denti and
               Rizzi, Raffaella and
               Stefano Beretta and
               Della Vedova, Gianluca and
               Previtali, Marco and
               Bonizzoni, Paola},
  title     = {{ASGAL:} aligning RNA-Seq data to a splicing graph to detect novel
               alternative splicing events},
  journal   = {{BMC} Bioinformatics},
  code = "https://github.com/AlgoLab/galig",
  volume    = {19},
  number    = {1},
  pages     = {444:1--444:21},
  year      = {2018},
  url       = {https://doi.org/10.1186/s12859-018-2436-3},
  doi       = {10.1186/s12859-018-2436-3},
  timestamp = {Thu, 14 Oct 2021 01:00:00 +0200},
  biburl    = {https://dblp.org/rec/journals/bmcbi/DentiRBVPB18.bib},
  bibsource = {dblp computer science bibliography, https://dblp.org}
}


@article{ukmarPATRIGenomicsData2018,
  title = {{PATRI}, a {Genomics} {Data} {Integration} {Tool} for {Biomarker} {Discovery}},
  copyright = {All rights reserved},
  url = {https://www.hindawi.com/journals/bmri/2018/2012078/},
  doi = {10.1155/2018/2012078},
  language = {en},
  urldate = {2020-01-06},
  journal = {BioMed Research International},
  author = {Ukmar, G. and Melloni, G. E. M. and Raddrizzani, L. and Rossi, P. and Di Bella, S. and Pirchio, M. R. and Vescovi, M. and Leone, A. and Callari, M. and Cesarini, M. and Somaschini, A. and Della Vedova, Gianluca and Daidone, M. G. and Pettenella, M. and Isacchi, A. and Bosotti, R.},
  year = {2018},
  file = {Full Text PDF:/home/gianluca/zotero/storage/ZFNWELJZ/Ukmar et al. - 2018 - PATRI, a Genomics Data Integration Tool for Biomar.pdf:application/pdf},
}

@article{DBLP:journals/tcs/BonizzoniCVRT17,
  author    = {Bonizzoni, Paola and
               Carrieri, Anna Paola  and
               Della Vedova, Gianluca and
               Rizzi, Raffaella and
               Gabriella Trucco},
  title     = {A colored graph approach to perfect phylogeny with persistent characters},
  journal   = {Theoretical Computer Science},
  volume    = {658},
  pages     = {60--73},
  year      = {2017},
  url       = {https://doi.org/10.1016/j.tcs.2016.08.015},
  doi       = {10.1016/j.tcs.2016.08.015},
  timestamp = {Fri, 30 Nov 2018 00:00:00 +0100},
  biburl    = {https://dblp.org/rec/journals/tcs/BonizzoniCVRT17.bib},
  bibsource = {dblp computer science bibliography, https://dblp.org}
}

@article{DBLP:journals/algorithmica/BonizzoniVPPR17,
  author    = {Bonizzoni, Paola and
               Della Vedova, Gianluca and
               Pirola, Yuri and
               Previtali, Marco and
               Rizzi, Raffaella},
  title     = {An External-Memory Algorithm for String Graph Construction},
  journal   = {Algorithmica},
  volume    = {78},
  number    = {2},
  code = "https://github.com/AlgoLab/bwt-lcp-em",
  pages     = {394--424},
  year      = {2017},
  url       = {https://doi.org/10.1007/s00453-016-0165-4},
  doi       = {10.1007/s00453-016-0165-4},
  timestamp = {Fri, 30 Nov 2018 00:00:00 +0100},
  biburl    = {https://dblp.org/rec/journals/algorithmica/BonizzoniVPPR17.bib},
  bibsource = {dblp computer science bibliography, https://dblp.org}
}

@article{DBLP:journals/jcb/BonizzoniVPPR17,
  author    = {Bonizzoni, Paola and
               Della Vedova, Gianluca and
               Pirola, Yuri and
               Previtali, Marco and
               Rizzi, Raffaella},
  title     = {{FSG:} Fast String Graph Construction for De Novo Assembly},
  journal   = {Journal of Computational Biology},
  volume    = {24},
  number    = {10},
  pages     = {953--968},
  year      = {2017},
  code = "https://github.com/AlgoLab/FastStringGraph",
  url       = {https://doi.org/10.1089/cmb.2017.0089},
  doi       = {10.1089/cmb.2017.0089},
  timestamp = {Mon, 15 Jun 2020 01:00:00 +0200},
  biburl    = {https://dblp.org/rec/journals/jcb/BonizzoniVPPR17.bib},
  bibsource = {dblp computer science bibliography, https://dblp.org}
}

@article{DBLP:journals/fuin/BonizzoniCVRT17,
  author    = {Bonizzoni, Paola and
               Carrieri, Anna Paola  and
               Della Vedova, Gianluca and
               Rizzi, Raffaella and
               Gabriella Trucco},
  title     = {Species-Driven Persistent Phylogeny},
  journal   = {Fundamenta Informaticae},
  volume    = {154},
  number    = {1-4},
  pages     = {47--63},
  year      = {2017},
  url       = {https://doi.org/10.3233/FI-2017-1552},
  doi       = {10.3233/FI-2017-1552},
  timestamp = {Fri, 18 Sep 2020 01:00:00 +0200},
  biburl    = {https://dblp.org/rec/journals/fuin/BonizzoniCVRT17.bib},
  bibsource = {dblp computer science bibliography, https://dblp.org}
}

@article{DBLP:journals/jcb/BonizzoniVPPR16,
  author    = {Bonizzoni, Paola and
               Della Vedova, Gianluca and
               Pirola, Yuri and
               Previtali, Marco and
               Rizzi, Raffaella},
  title     = {{LSG:} An External-Memory Tool to Compute String Graphs for Next-Generation
               Sequencing Data Assembly},
  journal   = {Journal of Computational Biology},
  volume    = {23},
  number    = {3},
  pages     = {137--149},
  year      = {2016},
  code = "https://github.com/AlgoLab/LightStringGraph",
  url       = {https://doi.org/10.1089/cmb.2015.0172},
  doi       = {10.1089/cmb.2015.0172},
  timestamp = {Mon, 15 Jun 2020 01:00:00 +0200},
  biburl    = {https://dblp.org/rec/journals/jcb/BonizzoniVPPR16.bib},
  bibsource = {dblp computer science bibliography, https://dblp.org}
}

@article{DBLP:journals/nar/IsonRMKRCABBBBB16,
    author = {Ison, Jon and Rapacki, Kristoffer and Ménager, Hervé and Kalaš, Matúš and Rydza, Emil and Chmura, Piotr and Anthon, Christian and Beard, Niall and Berka, Karel and Bolser, Dan and Booth, Tim and Bretaudeau, Anthony and Brezovsky, Jan and Casadio, Rita and Cesareni, Gianni and Coppens, Frederik and Cornell, Michael and Cuccuru, Gianmauro and Davidsen, Kristian and Vedova, Gianluca Della and Dogan, Tunca and Doppelt-Azeroual, Olivia and Emery, Laura and Gasteiger, Elisabeth and Gatter, Thomas and Goldberg, Tatyana and Grosjean, Marie and Grüning, Björn and Helmer-Citterich, Manuela and Ienasescu, Hans and Ioannidis, Vassilios and Jespersen, Martin Closter and Jimenez, Rafael and Juty, Nick and Juvan, Peter and Koch, Maximilian and Laibe, Camille and Li, Jing-Woei and Licata, Luana and Mareuil, Fabien and Mičetić, Ivan and Friborg, Rune Møllegaard and Moretti, Sebastien and Morris, Chris and Möller, Steffen and Nenadic, Aleksandra and Peterson, Hedi and Profiti, Giuseppe and Rice, Peter and Romano, Paolo and Roncaglia, Paola and Saidi, Rabie and Schafferhans, Andrea and Schwämmle, Veit and Smith, Callum and Sperotto, Maria Maddalena and Stockinger, Heinz and Vařeková, Radka Svobodová and Tosatto, Silvio C.E. and de la Torre, Victor and Uva, Paolo and Via, Allegra and Yachdav, Guy and Zambelli, Federico and Vriend, Gert and Rost, Burkhard and Parkinson, Helen and Løngreen, Peter and Brunak, Søren},
    title = {Tools and data services registry: a community effort to document bioinformatics resources},
    journal = {Nucleic Acids Research},
    volume = {44},
    number = {D1},
    pages = {D38-D47},
    year = {2015},
    issn = {0305-1048},
    doi = {10.1093/nar/gkv1116},
    url = {https://doi.org/10.1093/nar/gkv1116},
    eprint = {https://academic.oup.com/nar/article-pdf/44/D1/D38/9482499/gkv1116.pdf},
}

@article{DBLP:journals/jcb/BerettaBVPR14,
  author    = {Stefano Beretta and
               Bonizzoni, Paola and
               Della Vedova, Gianluca and
               Pirola, Yuri and
               Rizzi, Raffaella},
  title     = {Modeling Alternative Splicing Variants from {RNA-Seq} Data with Isoform
               Graphs},
  journal   = {Journal of Computational Biology},
  volume    = {21},
  number    = {1},
  pages     = {16--40},
  year      = {2014},
  url       = {https://doi.org/10.1089/cmb.2013.0112},
  doi       = {10.1089/cmb.2013.0112},
  timestamp = {Mon, 15 Jun 2020 01:00:00 +0200},
  biburl    = {https://dblp.org/rec/journals/jcb/BerettaBVPR14.bib},
  bibsource = {dblp computer science bibliography, https://dblp.org}
}

@article{ghirardiEffectivenessOralBisphosphonates2014,
  title = {Effectiveness of oral bisphosphonates for primary prevention of osteoporotic fractures},
  volume = {70},
  copyright = {All rights reserved},
  issn = {0031-6970, 1432-1041},
  url = {http://link.springer.com/article/10.1007/s00228-014-1708-8},
  doi = {10.1007/s00228-014-1708-8},
  language = {en},
  number = {9},
  urldate = {2018-04-03},
  journal = {European Journal of Clinical Pharmacology},
  author = {Ghirardi, Arianna and Bari, Mauro Di and Zambon, Antonella and
  Scotti, Lorenza and Della Vedova, Gianluca  and Lapi, Francesco and Cipriani,
  Francesco and Caputi, Achille P. and Vaccheri, Alberto and Gregori, Dario and
  Gesuita, Rosaria and Vestri, Annarita and Staniscia, Tommaso and Mazzaglia,
  Giampiero and Corrao, Giovanni},
  year = {2014},
  pages = {1129--1137},
  file = {Snapshot:/home/gianluca/zotero/storage/DPIPW5SX/10.html:text/html;Full Text PDF:/home/gianluca/zotero/storage/W68MRPCJ/Ghirardi et al. - 2014 - Effectiveness of oral bisphosphonates for primary .pdf:application/pdf},
}

@article{bonizzoniExplainingEvolutionConstrained2014,
  title = {Explaining evolution via constrained persistent perfect phylogeny},
  volume = {15},
  copyright = {2014 Bonizzoni et al.; licensee BioMed Central Ltd.},
  issn = {1471-2164},
  doi = {10.1186/1471-2164-15-S6-S10},
  language = {en},
  number = {Suppl 6},
  urldate = {2014-10-18},
  journal = {BMC Genomics},
  author = {Bonizzoni, Paola and Carrieri, Anna Paola and Della Vedova, Gianluca and Trucco, Gabriella},
  year = {2014},
  keywords = {fixed-parameter complexity, Perfect phylogeny, persistent perfect phylogeny, \#nosource},
  pages = {S10},
  file = {Bonizzoni et al. - 2014 - Explaining evolution via constrained persistent pe.pdf:/home/gianluca/zotero/storage/ND8U973J/Bonizzoni et al. - 2014 - Explaining evolution via constrained persistent pe.pdf:application/pdf;Snapshot:/home/gianluca/zotero/storage/S5EA96TP/S10.html:text/html;Snapshot:/home/gianluca/zotero/storage/DFPVCK7S/1471-2164-15-S6-S10.html:text/html},
}

@article{ghirardiOralBisphosphonatesNot2014,
  title = {Oral bisphosphonates do not increase the risk of severe upper gastrointestinal complications: {A} nested case-control study},
  volume = {14},
  copyright = {All rights reserved},
  shorttitle = {Oral bisphosphonates do not increase the risk of severe upper gastrointestinal complications},
  doi = {10.1186/1471-230X-14-5},
  number = {1},
  journal = {BMC Gastroenterology},
    author = {Ghirardi, A. and Scotti, L. and Della Vedova, G. and D'Oro, L.C. and Lapi, F. and Cipriani, F. and Caputi, A.P. and Vaccheri, A. and Gregori, D. and Gesuita, R. and Vestri, A. and Staniscia, T. and Mazzaglia, G. and Corrao, G. and Sessa, E. and Arcoraci, V. and Parodi, A. and Zambon, A. and Montanaro, N. and Piccinni, C. and Suzzi, C. and Puccini, A. and Sturkenboom, M. and Geppetti, P. and Sati, L. and Di, Bari and Forlan, F. and Carle, F. and Menna, A. and Valenti, M.},
  year = {2014},
  keywords = {Bisphosphonates, Drug safety, Healthcare utilization database, Upper gastrointestinal complications},
  file = {SCOPUS Snapshot:/home/gianluca/zotero/storage/32LCZWI8/display.html:text/html;Ghirardi et al. - 2014 - Oral bisphosphonates do not increase the risk of s.pdf:/home/gianluca/zotero/storage/KMRNZP2S/Ghirardi et al. - 2014 - Oral bisphosphonates do not increase the risk of s.pdf:application/pdf},
}

@article{corraoUseronlyDesignAssess2014,
  title = {User-only design to assess drug effectiveness in clinical practice: application to bisphosphonates and secondary prevention of fractures},
  copyright = {Copyright © 2014 John Wiley \& Sons, Ltd.},
  issn = {1099-1557},
  shorttitle = {User-only design to assess drug effectiveness in clinical practice},
  doi = {10.1002/pds.3650},
  language = {en},
  urldate = {2014-06-25},
  journal = {Pharmacoepidemiology and Drug Safety},
  author = {Corrao, Giovanni and Ghirardi, Arianna and Segafredo, Giulia and Zambon, Antonella and Della Vedova, Gianluca and Lapi, Francesco and Cipriani, Francesco and Caputi, Achille and Vaccheri, Alberto and Gregori, Dario and Gesuita, Rosaria and Vestri, Annarita and Staniscia, Tommaso and Mazzaglia, Giampiero and Di Bari, Mauro and {on behalf of the BEST investigators}},
  year = {2014},
  keywords = {bisphosphonates, confounding, fracture, pharmacoepidemiology, propensity score, user-only design},
  pages = {n/a--n/a},
  file = {Corrao et al. - 2014 - User-only design to assess drug effectiveness in c.pdf:/home/gianluca/zotero/storage/WYH9LYKE/Corrao et al. - 2014 - User-only design to assess drug effectiveness in c.pdf:application/pdf},
}

@article{DBLP:journals/jco/BonizzoniVDP13,
  author    = {Bonizzoni, Paola and
               Della Vedova, Gianluca and
               Dondi, Riccardo and
               Pirola, Yuri},
  title     = {Parameterized complexity of k-anonymity: hardness and tractability},
  journal   = {Journal of Combinatorial Optimization},
  volume    = {26},
  number    = {1},
  pages     = {19--43},
  year      = {2013},
  url       = {https://doi.org/10.1007/s10878-011-9428-9},
  doi       = {10.1007/s10878-011-9428-9},
  timestamp = {Mon, 15 Jun 2020 01:00:00 +0200},
  biburl    = {https://dblp.org/rec/journals/jco/BonizzoniVDP13.bib},
  bibsource = {dblp computer science bibliography, https://dblp.org}
}

@article{ghirardiRiskSevereUpper2013a,
  title = {Risk of {Severe} {Upper} {Gastrointestinal} {Complications} among {Oral} {Bisphosphonate} {Users}},
  volume = {8},
  issn = {1932-6203},
  url = {https://dx.plos.org/10.1371/journal.pone.0073159},
  doi = {10.1371/journal.pone.0073159},
  language = {en},
  number = {12},
  urldate = {2022-02-07},
  journal = {PLoS ONE},
  author = {Ghirardi, Arianna and Scotti, Lorenza and Zambon, Antonella and Della Vedova, Gianluca and Cavalieri D'oro, Luca and Lapi, Francesco and Cipriani, Francesco and Caputi, Achille P. and Vaccheri, Alberto and Gregori, Dario and Gesuita, Rosaria and Vestri, Annarita and Staniscia, Tommaso and Mazzaglia, Giampiero and Corrao, Giovanni and {on behalf of the BEST Investigators}},
  editor = {Catapano, Alberico},
  year = {2013},
  pages = {e73159},
  file = {Ghirardi et al. - 2013 - Risk of Severe Upper Gastrointestinal Complication.pdf:/home/gianluca/zotero/storage/XEWX2JX7/Ghirardi et al. - 2013 - Risk of Severe Upper Gastrointestinal Complication.pdf:application/pdf},
}

@article{DBLP:journals/tcs/BonizzoniVD12,
  author    = {Bonizzoni, Paola and
               Della Vedova, Gianluca and
               Dondi, Riccardo},
  title     = {A randomized {PTAS} for the minimum Consensus Clustering with a fixed
               number of clusters},
  journal   = {Theoretical Computer Science},
  volume    = {429},
  pages     = {36--45},
  year      = {2012},
  url       = {https://doi.org/10.1016/j.tcs.2011.12.022},
  doi       = {10.1016/j.tcs.2011.12.022},
  timestamp = {Wed, 17 Feb 2021 00:00:00 +0100},
  biburl    = {https://dblp.org/rec/journals/tcs/BonizzoniVD12.bib},
  bibsource = {dblp computer science bibliography, https://dblp.org}
}

@article{DBLP:journals/tcbb/PirolaVBSB12,
  author    = {Pirola, Yuri and
               Della Vedova, Gianluca and
               Stefano Biffani and
               Alessandra Stella and
               Bonizzoni, Paola},
  title     = {A Fast and Practical Approach to Genotype Phasing and Imputation on
               a Pedigree with Erroneous and Incomplete Information},
  journal   = {{IEEE} {ACM} Trans. on Computational Biology and Bioinformatics},
  volume    = {9},
  number    = {6},
  pages     = {1582--1594},
  year      = {2012},
  url       = {https://doi.org/10.1109/TCBB.2012.100},
  doi       = {10.1109/TCBB.2012.100},
  timestamp = {Sun, 06 Sep 2020 01:00:00 +0200},
  biburl    = {https://dblp.org/rec/journals/tcbb/PirolaVBSB12.bib},
  bibsource = {dblp computer science bibliography, https://dblp.org}
}

@article{DBLP:journals/bmcbi/PirolaRPPVB12,
  author    = {Pirola, Yuri and
               Rizzi, Raffaella and
               Ernesto Picardi and
               Graziano Pesole and
               Della Vedova, Gianluca and
               Bonizzoni, Paola},
  title     = {PIntron: a fast method for detecting the gene structure due to alternative
               splicing via maximal pairings of a pattern and a text},
  journal   = {{BMC} Bioinformatics},
  volume    = {13},
  number    = {{S-5}},
  code = "https://github.com/AlgoLab/PIntron",
  pages     = {S2},
  year      = {2012},
  url       = {https://doi.org/10.1186/1471-2105-13-S5-S2},
  doi       = {10.1186/1471-2105-13-S5-S2},
  timestamp = {Mon, 15 Jun 2020 01:00:00 +0200},
  biburl    = {https://dblp.org/rec/journals/bmcbi/PirolaRPPVB12.bib},
  bibsource = {dblp computer science bibliography, https://dblp.org}
}

@article{DBLP:journals/bmcbi/RueggerVJB11,
  author    = {Paul M. Ruegger and
               Della Vedova, Gianluca and
               Tao Jiang and
               James Borneman},
  title     = {Improving Probe Set Selection for Microbial Community Analysis by
               Leveraging Taxonomic Information of Training Sequences},
  journal   = {{BMC} Bioinformatics},
  volume    = {12},
  pages     = {394},
  year      = {2011},
  url       = {https://doi.org/10.1186/1471-2105-12-394},
  doi       = {10.1186/1471-2105-12-394},
  timestamp = {Sun, 15 Mar 2020 00:00:00 +0100},
  biburl    = {https://dblp.org/rec/journals/bmcbi/RueggerVJB11.bib},
  bibsource = {dblp computer science bibliography, https://dblp.org}
}

@article{DBLP:journals/jco/BonizzoniVD11,
  author    = {Bonizzoni, Paola and
               Della Vedova, Gianluca and
               Dondi, Riccardo},
  title     = {Anonymizing binary and small tables is hard to approximate},
  journal   = {Journal of Combinatorial Optimization},
  volume    = {22},
  number    = {1},
  pages     = {97--119},
  year      = {2011},
  url       = {https://doi.org/10.1007/s10878-009-9277-y},
  doi       = {10.1007/s10878-009-9277-y},
  timestamp = {Tue, 06 Jun 2017 01:00:00 +0200},
  biburl    = {https://dblp.org/rec/journals/jco/BonizzoniVD11.bib},
  bibsource = {dblp computer science bibliography, https://dblp.org}
}

@article{DBLP:journals/algorithmica/BonizzoniVDM10,
  author    = {Bonizzoni, Paola and
               Della Vedova, Gianluca and
               Dondi, Riccardo and
               Mauri, Giancarlo},
  title     = {Fingerprint Clustering with Bounded Number of Missing Values},
  journal   = {Algorithmica},
  volume    = {58},
  number    = {2},
  pages     = {282--303},
  year      = {2010},
  url       = {https://doi.org/10.1007/s00453-008-9265-0},
  doi       = {10.1007/s00453-008-9265-0},
  timestamp = {Fri, 30 Nov 2018 00:00:00 +0100},
  biburl    = {https://dblp.org/rec/journals/algorithmica/BonizzoniVDM10.bib},
  bibsource = {dblp computer science bibliography, https://dblp.org}
}

@article{DBLP:journals/tcbb/BonizzoniVDPR10,
  author    = {Bonizzoni, Paola and
               Della Vedova, Gianluca and
               Dondi, Riccardo and
               Pirola, Yuri and
               Romeo Rizzi},
  title     = {Pure Parsimony Xor Haplotyping},
  journal   = {{IEEE} {ACM} Trans. on Computational Biology and Bioinformatics},
  volume    = {7},
  number    = {4},
  pages     = {598--610},
  year      = {2010},
  url       = {https://doi.org/10.1109/TCBB.2010.52},
  doi       = {10.1109/TCBB.2010.52},
  timestamp = {Sun, 06 Sep 2020 01:00:00 +0200},
  biburl    = {https://dblp.org/rec/journals/tcbb/BonizzoniVDPR10.bib},
  bibsource = {dblp computer science bibliography, https://dblp.org}
}

@article{DBLP:journals/ipl/BonizzoniVDP10,
  author    = {Bonizzoni, Paola and
               Della Vedova, Gianluca and
               Dondi, Riccardo and
               Pirola, Yuri},
  title     = {Variants of constrained longest common subsequence},
  journal   = {Information Processing Letters},
  volume    = {110},
  number    = {20},
  pages     = {877--881},
  year      = {2010},
  url       = {https://doi.org/10.1016/j.ipl.2010.07.015},
  doi       = {10.1016/j.ipl.2010.07.015},
  timestamp = {Mon, 15 Jun 2020 01:00:00 +0200},
  biburl    = {https://dblp.org/rec/journals/ipl/BonizzoniVDP10.bib},
  bibsource = {dblp computer science bibliography, https://dblp.org}
}

@article{DBLP:journals/nc/VedovaDJPPW10,
  author    = {Della Vedova, Gianluca and
               Dondi, Riccardo and
               Tao Jiang and
               Giulio Pavesi and
               Pirola, Yuri and
               Lusheng Wang},
  title     = {Beyond evolutionary trees},
  journal   = {Natural Computing},
  volume    = {9},
  number    = {2},
  pages     = {421--435},
  year      = {2010},
  url       = {https://doi.org/10.1007/s11047-009-9156-6},
  doi       = {10.1007/s11047-009-9156-6},
  timestamp = {Mon, 15 Jun 2020 01:00:00 +0200},
  biburl    = {https://dblp.org/rec/journals/nc/VedovaDJPPW10.bib},
  bibsource = {dblp computer science bibliography, https://dblp.org}
}

@article{DBLP:journals/jcss/BonizzoniVDJ08,
  author    = {Bonizzoni, Paola and
               Della Vedova, Gianluca and
               Dondi, Riccardo and
               Tao Jiang},
  title     = {On the Approximation of Correlation Clustering and Consensus Clustering},
  journal   = {Journal of Computer and System Sciences},
  volume    = {74},
  number    = {5},
  pages     = {671--696},
  year      = {2008},
  url       = {https://doi.org/10.1016/j.jcss.2007.06.024},
  doi       = {10.1016/j.jcss.2007.06.024},
  timestamp = {Tue, 16 Feb 2021 00:00:00 +0100},
  biburl    = {https://dblp.org/rec/journals/jcss/BonizzoniVDJ08.bib},
  bibsource = {dblp computer science bibliography, https://dblp.org}
}

@article{DBLP:journals/tcbb/BonizzoniVDFRV07,
  author    = {Bonizzoni, Paola and
               Della Vedova, Gianluca and
               Dondi, Riccardo and
               Guillaume Fertin and
               Rizzi, Raffaella and
               Stèphane Vialette},
  title     = {Exemplar Longest Common Subsequence},
  journal   = {{IEEE} {ACM} Trans. on Computational Biology and Bioinformatics},
  volume    = {4},
  number    = {4},
  pages     = {535--543},
  year      = {2007},
  url       = {http://doi.acm.org/10.1145/1322075.1322078},
  doi       = {10.1145/1322075.1322078},
  timestamp = {Sun, 06 Sep 2020 01:00:00 +0200},
  biburl    = {https://dblp.org/rec/journals/tcbb/BonizzoniVDFRV07.bib},
  bibsource = {dblp computer science bibliography, https://dblp.org}
}

@article{DBLP:journals/tcs/BonizzoniVD05,
  author    = {Bonizzoni, Paola and
               Della Vedova, Gianluca and
               Dondi, Riccardo},
  title     = {Reconciling a gene tree to a species tree under the duplication cost
               model},
  journal   = {Theoretical Computer Science},
  volume    = {347},
  number    = {1-2},
  pages     = {36--53},
  year      = {2005},
  url       = {https://doi.org/10.1016/j.tcs.2005.05.016},
  doi       = {10.1016/j.tcs.2005.05.016},
  timestamp = {Wed, 17 Feb 2021 00:00:00 +0100},
  biburl    = {https://dblp.org/rec/journals/tcs/BonizzoniVD05.bib},
  bibsource = {dblp computer science bibliography, https://dblp.org}
}



@article{DBLP:journals/ijbra/BonizzoniVDM05,
  author    = {Bonizzoni, Paola and
               Della Vedova, Gianluca and
               Dondi, Riccardo and
               Lorenzo Mariani},
  title     = {Experimental analysis of a new algorithm for partial haplotype completion},
  journal   = {International Journal of Bioinformatics Research and Applications},
  volume    = {1},
  number    = {4},
  pages     = {461--473},
  year      = {2005},
  url       = {https://doi.org/10.1504/IJBRA.2005.008448},
  doi       = {10.1504/IJBRA.2005.008448},
  timestamp = {Fri, 11 Sep 2020 01:00:00 +0200},
  biburl    = {https://dblp.org/rec/journals/ijbra/BonizzoniVDM05.bib},
  bibsource = {dblp computer science bibliography, https://dblp.org}
}


@article{cattaneoTheoryConservativeComputing2005,
  title = {Towards a {Theory} of {Conservative} {Computing}},
  volume = {44},
  copyright = {All rights reserved},
  doi = {10.1007/s10773-005-7064-9},
  journal = {International Journal of Theoretical Physics},
  author = {Cattaneo, G. and Della Vedova, Gianluca and Leporati, A. and Leporini, R},
  year = {2005},
  pages = {861--873},
  file = {Cattaneo et al. - 2005 - Towards a Theory of Conservative Computing.pdf:/home/gianluca/zotero/storage/JVCDSP5Z/Cattaneo et al. - 2005 - Towards a Theory of Conservative Computing.pdf:application/pdf},
}

@article{DBLP:journals/informs/JustV04,
  author    = {Just, Winfried  and
               Della Vedova, Gianluca},
  title     = {Multiple Sequence Alignment as a Facility-Location Problem},
  journal   = {{INFORMS} Journal on Computing},
  volume    = {16},
  number    = {4},
  pages     = {430--440},
  year      = {2004},
  url       = {https://doi.org/10.1287/ijoc.1040.0093},
  doi       = {10.1287/ijoc.1040.0093},
  timestamp = {Sun, 15 Mar 2020 00:00:00 +0100},
  biburl    = {https://dblp.org/rec/journals/informs/JustV04.bib},
  bibsource = {dblp computer science bibliography, https://dblp.org}
}


@article{dellavedovaLibraryEfficientBioinformatics2003,
  title = {A library of efficient bioinformatics algorithms},
  volume = {2},
  copyright = {All rights reserved},
  issn = {1175-5636},
  language = {eng},
  number = {2},
  journal = {Applied Bioinformatics},
  author = {Della Vedova, Gianluca and Dondi, Riccardo},
  year = {2003},
  pmid = {15130828},
  keywords = {Algorithms, Software, Computational Biology, Information Storage and Retrieval, Databases, Genetic, Internet, Libraries, Programming Languages, Software Design},
  pages = {117--121},
  file = {Della Vedova and Dondi - 2003 - A library of efficient bioinformatics algorithms.pdf:/home/gianluca/zotero/storage/2777YU3Q/Della Vedova and Dondi - 2003 - A library of efficient bioinformatics algorithms.pdf:application/pdf},
}

@article{DBLP:journals/jcst/BonizzoniVDL03,
  author    = {Bonizzoni, Paola and
               Della Vedova, Gianluca and
               Dondi, Riccardo and
               Jing Li},
  title     = {The Haplotyping Problem: An Overview of Computational Models and Solutions},
  journal   = {Journal of Computer Science and Technology},
  volume    = {18},
  number    = {6},
  pages     = {675--688},
  year      = {2003},
  url       = {https://doi.org/10.1007/BF02945456},
  doi       = {10.1007/BF02945456},
  timestamp = {Fri, 02 Nov 2018 00:00:00 +0100},
  biburl    = {https://dblp.org/rec/journals/jcst/BonizzoniVDL03.bib},
  bibsource = {dblp computer science bibliography, https://dblp.org}
}


@article{valinskyAnalysisBacterialCommunity2002,
  title = {Analysis of {Bacterial} {Community} {Composition} by {Oligonucleotide} {Fingerprinting} of {rRNA} {Genes}},
  volume = {68},
  copyright = {All rights reserved},
  issn = {0099-2240},
  url = {http://aem.asm.org/cgi/doi/10.1128/AEM.68.7.3243-3250.2002},
  doi = {10.1128/AEM.68.7.3243-3250.2002},
  language = {en},
  number = {7},
  urldate = {2014-03-27},
  journal = {Applied and Environmental Microbiology},
  author = {Valinsky, L. and Della Vedova, G. and Scupham, A. J. and Alvey, S. and Figueroa, A. and Yin, B. and Hartin, R. J. and Chrobak, M. and Crowley, D. E. and Jiang, T. and Borneman, J.},
  year = {2002},
  pages = {3243--3250},
  file = {Valinsky et al. - 2002 - Analysis of Bacterial Community Composition by Oli.pdf:/home/gianluca/zotero/storage/MUA6G8DM/Valinsky et al. - 2002 - Analysis of Bacterial Community Composition by Oli.pdf:application/pdf},
}


@article{valinskyOligonucleotideFingerprintingRRNA2002,
  title = {Oligonucleotide {Fingerprinting} of {rRNA} {Genes} for {Analysis} of {Fungal} {Community} {Composition}},
  volume = {68},
  copyright = {All rights reserved},
  doi = {10.1128/Applied and Environmental Microbiology.68.12.5999-6004.2002},
  number = {12},
  journal = {Applied and Environmental Microbiology},
  author = {Valinsky, L. and Della Vedova, Gianluca and Jiang, T. and Borneman, J},
  year = {2002},
  pages = {5999--6004},
  file = {Valinsky et al. - 2002 - Oligonucleotide Fingerprinting of rRNA Genes for A.pdf:/home/gianluca/zotero/storage/LPK4AQ83/Valinsky et al. - 2002 - Oligonucleotide Fingerprinting of rRNA Genes for A.pdf:application/pdf},
}


@article{DBLP:journals/bioinformatics/VedovaW02,
  author    = {Della Vedova, Gianluca and
               Todd Wareham},
  title     = {Optimal algorithms for local vertex quartet cleaning},
  journal   = {Bioinformatics},
  volume    = {18},
  number    = {10},
  pages     = {1297--1304},
  year      = {2002},
  url       = {https://doi.org/10.1093/bioinformatics/18.10.1297},
  doi       = {10.1093/bioinformatics/18.10.1297},
  timestamp = {Mon, 02 Mar 2020 00:00:00 +0100},
  biburl    = {https://dblp.org/rec/journals/bioinformatics/VedovaW02.bib},
  bibsource = {dblp computer science bibliography, https://dblp.org}
}


@article{bornemanProbeSelectionAlgorithms2001,
title = {Probe selection {Algorithms} with applications in the analysis of microbial communities},
volume = {17},
copyright = {All rights reserved},
doi = {10.1093/bioinformatics/17.suppl_1.S39},
number = {Suppl 1},
journal = {Bioinformatics},
author = {Borneman, J. and Chrobak, M. and Della Vedova, Gianluca and Figueroa, A. and Jiang, T},
year = {2001},
pages = {S39--S48},
file = {Borneman et al. - 2001 - Probe selection Algorithms with applications in th.pdf:/home/gianluca/zotero/storage/AQLZUXVV/Borneman et al. - 2001 - Probe selection Algorithms with applications in th.pdf:application/pdf},
}

@article{DBLP:journals/jal/BonizzoniV99,
  author    = {Bonizzoni, Paola and
               Della Vedova, Gianluca},
  title     = {An Algorithm for the Modular Decomposition of Hypergraphs},
  journal   = {Journal of Algorithms},
  volume    = {32},
  number    = {2},
  pages     = {65--86},
  year      = {1999},
  url       = {https://doi.org/10.1006/jagm.1999.1016},
  doi       = {10.1006/jagm.1999.1016},
  timestamp = {Tue, 06 Jun 2017 01:00:00 +0200},
  biburl    = {https://dblp.org/rec/journals/jal/BonizzoniV99.bib},
  bibsource = {dblp computer science bibliography, https://dblp.org}
}

@article{DBLP:journals/ijfcs/BonizzoniVM00,
  author    = {Bonizzoni, Paola and
               Della Vedova, Gianluca and
               Mauri, Giancarlo},
  title     = {Approximating the Maximum Isomorphic Agreement Subtree is Hard},
  journal   = {International Journal on the Foundations of Computer Science},
  volume    = {11},
  number    = {4},
  pages     = {579--590},
  year      = {2000},
  url       = {https://doi.org/10.1142/S0129054100000363},
  doi       = {10.1142/S0129054100000363},
  timestamp = {Wed, 14 Nov 2018 00:00:00 +0100},
  biburl    = {https://dblp.org/rec/journals/ijfcs/BonizzoniVM00.bib},
  bibsource = {dblp computer science bibliography, https://dblp.org}
}

@article{DBLP:journals/dam/BonizzoniVM01,
  author    = {Bonizzoni, Paola and
               Della Vedova, Gianluca and
               Mauri, Giancarlo},
  title     = {Experimenting an approximation algorithm for the {LCS}},
  journal   = {Discrete Applied Mathematics},
  volume    = {110},
  number    = {1},
  pages     = {13--24},
  year      = {2001},
  url       = {https://doi.org/10.1016/S0166-218X(00)00300-0},
  doi       = {10.1016/S0166-218X(00)00300-0},
  timestamp = {Thu, 11 Feb 2021 00:00:00 +0100},
  biburl    = {https://dblp.org/rec/journals/dam/BonizzoniVM01.bib},
  bibsource = {dblp computer science bibliography, https://dblp.org}
}

@article{DBLP:journals/tcs/BonizzoniV01,
  author    = {Bonizzoni, Paola and
               Della Vedova, Gianluca},
  title     = {The complexity of multiple sequence alignment with {SP}-score that is
               a metric},
  journal   = {Theoretical Computer Science},
  volume    = {259},
  number    = {1-2},
  pages     = {63--79},
  year      = {2001},
  url       = {https://doi.org/10.1016/S0304-3975(99)00324-2},
  doi       = {10.1016/S0304-3975(99)00324-2},
  timestamp = {Wed, 17 Feb 2021 00:00:00 +0100},
  biburl    = {https://dblp.org/rec/journals/tcs/BonizzoniV01.bib},
  bibsource = {dblp computer science bibliography, https://dblp.org}
}
