
@inproceedings{juyal2025,
	title = {Plastic: {An} {Easy} to {Use} and {Modular} {Tool} for {Benchmarking} {Tumor} {Phylogeny} {Reconstruction} {Pipelines}},
	isbn = {978-3-031-82768-6},
	shorttitle = {Plastic},
	url = {https://link.springer.com/chapter/10.1007/978-3-031-82768-6_8},
	doi = {10.1007/978-3-031-82768-6_8},
	abstract = {Several tools have been proposed to infer tumor phylogenies from single-cell sequencing data, but a systematic way of comparing them is still lacking. One of the reasons is that the decomposition of the complete procedure is not settled. We propose a description of...},
	language = {en},
	urldate = {2025-03-06},
	booktitle = {Computational {Advances} in {Bio} and {Medical} {Sciences}},
	publisher = {Springer, Cham},
	author = {Juyal, Akshay and Tayebi, Zahra and Zelikovsky, Alexander and Soto-Gomez, Mauricio and Ciccolella, Simone and Della Vedova, Gianluca and Patterson, Murray},
	year = {2025},
	note = {ISSN: 1611-3349},
	pages = {82--93},
	file = {Full Text PDF:/home/gianluca/zotero/storage/RRQG46VM/Juyal et al. - 2025 - Plastic An Easy to Use and Modular Tool for Benchmarking Tumor Phylogeny Reconstruction Pipelines.pdf:application/pdf},
}


@inproceedings{bonizzoni2023,
	address = {Cham},
	series = {Lecture {Notes} in {Computer} {Science}},
	title = {Multiallelic {Maximal} {Perfect} {Haplotype} {Blocks} with {Wildcards} via {PBWT}},
	isbn = {978-3-031-34953-9},
	doi = {10.1007/978-3-031-34953-9_5},
	abstract = {Computing maximal perfect blocks of a given panel of haplotypes is a crucial task for efficiently solving problems such as polyploid haplotype reconstruction and finding identical-by-descent segments shared among individuals of a population. Unfortunately, the presence of missing data in the haplotype panel limits the usefulness of the notion of perfect blocks.},
	language = {en},
	booktitle = {Bioinformatics and {Biomedical} {Engineering}},
	publisher = {Springer Nature Switzerland},
	author = {Bonizzoni, Paola and Della Vedova, Gianluca and Pirola, Yuri and Rizzi, Raffaella and Sgrò, Mattia},
	editor = {Rojas, Ignacio and Valenzuela, Olga and Rojas Ruiz, Fernando and Herrera, Luis Javier and Ortuño, Francisco},
	year = {2023},
	keywords = {⛔ No INSPIRE recid found, Approximate pattern matching, Haplotype blocks, Positional Burrows-Wheeler Transform},
	pages = {62--76},
	file = {Full Text PDF:/home/gianluca/zotero/storage/88M9RN5N/Bonizzoni et al. - 2023 - Multiallelic Maximal Perfect Haplotype Blocks with.pdf:application/pdf},
}


@inproceedings{chourasiaClusteringSARSCoV2Variants2022,
	title = {Clustering {SARS}-{CoV}-2 {Variants} from {Raw} {High}-{Throughput} {Sequencing} {Reads} {Data}},
	volume = {13254},
	isbn = {978-3-031-17530-5 978-3-031-17531-2},
	url = {https://link.springer.com/10.1007/978-3-031-17531-2_11},
	language = {en},
	urldate = {2022-11-09},
	booktitle = {Computational {Advances} in {Bio} and {Medical} {Sciences}},
	publisher = {Springer International Publishing},
	author = {Chourasia, Prakash and Ali, Sarwan and Ciccolella, Simone and Della Vedova, Gianluca and Patterson, Murray},
	editor = {Bansal, Mukul S. and Măndoiu, Ion and Moussa, Marmar and Patterson, Murray and Rajasekaran, Sanguthevar and Skums, Pavel and Zelikovsky, Alexander},
	year = {2022},
	doi = {10.1007/978-3-031-17531-2_11},
	series = {LNCS},
	pages = {133--148},
	file = {Chourasia et al. - 2022 - Clustering SARS-CoV-2 Variants from Raw High-Throu.pdf:/home/gianluca/zotero/storage/4HFXJI5L/Chourasia et al. - 2022 - Clustering SARS-CoV-2 Variants from Raw High-Throu.pdf:application/pdf},
}



@inproceedings{DBLP:conf/bcb/CiccolellaPBV19,
  author    = {Simone Ciccolella and
               Murray D. Patterson and
               Paola Bonizzoni and
               Della Vedova, Gianluca},
  editor    = {Xinghua Mindy Shi and
               Michael Buck and
               Jian Ma and
               Pierangelo Veltri},
  title     = {Effective Clustering for Single Cell Sequencing Cancer Data},
  booktitle = {Proceedings of the 10th {ACM} International Conference on Bioinformatics,
               Computational Biology and Health Informatics, {BCB} 2019, Niagara
               Falls, NY, USA, September 7-10, 2019},
  pages     = {437--446},
  publisher = {{ACM}},
  year      = {2019},
  url       = {https://doi.org/10.1145/3307339.3342149},
  doi       = {10.1145/3307339.3342149},
  timestamp = {Wed, 18 Sep 2019 17:06:08 +0200},
  biburl    = {https://dblp.org/rec/conf/bcb/CiccolellaPBV19.bib},
  bibsource = {dblp computer science bibliography, https://dblp.org}
}

@inproceedings{DBLP:conf/cpm/0001BVP19,
  author    = {Giulia Bernardini and
               Paola Bonizzoni and
               Della Vedova, Gianluca and
               Murray Patterson},
  editor    = {Nadia Pisanti and
               Solon P. Pissis},
  title     = {A Rearrangement Distance for Fully-Labelled Trees},
  booktitle = {30th Annual Symposium on Combinatorial Pattern Matching, {CPM} 2019,
               June 18-20, 2019, Pisa, Italy},
  series    = {LIPIcs},
  volume    = {128},
  pages     = {28:1--28:15},
  publisher = {Schloss Dagstuhl - Leibniz-Zentrum f{\"{u}}r Informatik},
  year      = {2019},
  url       = {https://doi.org/10.4230/LIPIcs.CPM.2019.28},
  doi       = {10.4230/LIPIcs.CPM.2019.28},
  timestamp = {Tue, 11 Feb 2020 15:52:14 +0100},
  biburl    = {https://dblp.org/rec/conf/cpm/0001BVP19.bib},
  bibsource = {dblp computer science bibliography, https://dblp.org}
}

@inproceedings{DBLP:conf/cie/BonizzoniVNPPR18,
  author    = {Paola Bonizzoni and
               Della Vedova, Gianluca and
               Serena Nicosia and
               Yuri Pirola and
               Marco Previtali and
               Raffaella Rizzi},
  editor    = {Florin Manea and
               Russell G. Miller and
               Dirk Nowotka},
  title     = {Divide and Conquer Computation of the Multi-string {BWT} and {LCP}
               Array},
  booktitle = {Sailing Routes in the World of Computation - 14th Conference on Computability
               in Europe, CiE 2018, Kiel, Germany, July 30 - August 3, 2018, Proceedings},
  series    = {Lecture Notes in Computer Science},
  volume    = {10936},
  pages     = {107--117},
  publisher = {Springer},
  year      = {2018},
  url       = {https://doi.org/10.1007/978-3-319-94418-0\_11},
  doi       = {10.1007/978-3-319-94418-0\_11},
  timestamp = {Thu, 14 Oct 2021 01:00:00 +0200},
  biburl    = {https://dblp.org/rec/conf/cie/BonizzoniVNPPR18.bib},
  bibsource = {dblp computer science bibliography, https://dblp.org}
}

@inproceedings{DBLP:conf/iccabs/CiccolellaGPVHB18,
  author    = {Simone Ciccolella and
               Mauricio Soto Gomez and
               Murray Patterson and
               Della Vedova, Gianluca and
               Iman Hajirasouliha and
               Paola Bonizzoni},
  title     = {gpps: an {ILP}-based approach for inferring cancer progression with
               mutation losses from single cell data},
  booktitle = {8th {IEEE} International Conference on Computational Advances in Bio
               and Medical Sciences, {ICCABS} 2018, Las Vegas, NV, USA, October 18-20,
               2018},
  pages     = {1},
  publisher = {{IEEE} Computer Society},
  year      = {2018},
  url       = {https://doi.org/10.1109/ICCABS.2018.8542058},
  doi       = {10.1109/ICCABS.2018.8542058},
  timestamp = {Thu, 14 Oct 2021 01:00:00 +0200},
  biburl    = {https://dblp.org/rec/conf/iccabs/CiccolellaGPVHB18.bib},
  bibsource = {dblp computer science bibliography, https://dblp.org}
}

@inproceedings{DBLP:conf/bcb/BonizzoniCVS17,
  author    = {Paola Bonizzoni and
               Simone Ciccolella and
               Della Vedova, Gianluca and
               Mauricio Soto Gomez},
  editor    = {Nurit Haspel and
               Lenore J. Cowen and
               Amarda Shehu and
               Tamer Kahveci and
               Giuseppe Pozzi},
  title     = {Beyond Perfect Phylogeny: Multisample Phylogeny Reconstruction via
               {ILP}},
  booktitle = {Proceedings of the 8th {ACM} International Conference on Bioinformatics,
               Computational Biology, and Health Informatics, {BCB} 2017, Boston,
               MA, USA, August 20-23, 2017},
  pages     = {1--10},
  publisher = {{ACM}},
  year      = {2017},
  url       = {https://doi.org/10.1145/3107411.3107441},
  doi       = {10.1145/3107411.3107441},
  timestamp = {Wed, 16 Oct 2019 01:00:00 +0200},
  biburl    = {https://dblp.org/rec/conf/bcb/BonizzoniCVS17.bib},
  bibsource = {dblp computer science bibliography, https://dblp.org}
}

@inproceedings{DBLP:conf/cie/VedovaPRS17,
  author    = {Della Vedova, Gianluca and
               Murray Patterson and
               Raffaella Rizzi and
               Mauricio Soto Gomez},
  editor    = {Jarkko Kari and
               Florin Manea and
               Ion Petre},
  title     = {Character-Based Phylogeny Construction and Its Application to Tumor
               Evolution},
  booktitle = {Unveiling Dynamics and Complexity - 13th Conference on Computability
               in Europe, CiE 2017, Turku, Finland, June 12-16, 2017, Proceedings},
  series    = {Lecture Notes in Computer Science},
  volume    = {10307},
  pages     = {3--13},
  publisher = {Springer},
  year      = {2017},
  url       = {https://doi.org/10.1007/978-3-319-58741-7\_1},
  doi       = {10.1007/978-3-319-58741-7\_1},
  timestamp = {Wed, 16 Oct 2019 01:00:00 +0200},
  biburl    = {https://dblp.org/rec/conf/cie/VedovaPRS17.bib},
  bibsource = {dblp computer science bibliography, https://dblp.org}
}

@inproceedings{DBLP:conf/isbra/BonizzoniVPPR16,
  author    = {Paola Bonizzoni and
               Della Vedova, Gianluca and
               Yuri Pirola and
               Marco Previtali and
               Raffaella Rizzi},
  editor    = {Anu G. Bourgeois and
               Pavel Skums and
               Xiang Wan and
               Alex Zelikovsky},
  title     = {{FSG:} Fast String Graph Construction for De Novo Assembly of Reads
               Data},
  booktitle = {Bioinformatics Research and Applications - 12th International Symposium,
               {ISBRA} 2016, Minsk, Belarus, June 5-8, 2016, Proceedings},
  series    = {Lecture Notes in Computer Science},
  volume    = {9683},
  pages     = {27--39},
  publisher = {Springer},
  year      = {2016},
  url       = {https://doi.org/10.1007/978-3-319-38782-6\_3},
  doi       = {10.1007/978-3-319-38782-6\_3},
  timestamp = {Mon, 15 Jun 2020 01:00:00 +0200},
  biburl    = {https://dblp.org/rec/conf/isbra/BonizzoniVPPR16.bib},
  bibsource = {dblp computer science bibliography, https://dblp.org}
}


@inproceedings{DBLP:conf/wabi/BonizzoniVPPR14,
  author    = {Paola Bonizzoni and
               Della Vedova, Gianluca and
               Yuri Pirola and
               Marco Previtali and
               Raffaella Rizzi},
  editor    = {Daniel G. Brown and
               Burkhard Morgenstern},
  title     = {Constructing String Graphs in External Memory},
  booktitle = {Algorithms in Bioinformatics - 14th International Workshop, {WABI}
               2014, Wroclaw, Poland, September 8-10, 2014. Proceedings},
  series    = {Lecture Notes in Computer Science},
  volume    = {8701},
  pages     = {311--325},
  publisher = {Springer},
  year      = {2014},
  url       = {https://doi.org/10.1007/978-3-662-44753-6\_23},
  doi       = {10.1007/978-3-662-44753-6\_23},
  timestamp = {Mon, 15 Jun 2020 01:00:00 +0200},
  biburl    = {https://dblp.org/rec/conf/wabi/BonizzoniVPPR14.bib},
  bibsource = {dblp computer science bibliography, https://dblp.org}
}

@inproceedings{DBLP:conf/bcb/PirolaVBSB13,
  author    = {Yuri Pirola and
               Della Vedova, Gianluca and
               Paola Bonizzoni and
               Alessandra Stella and
               Filippo Biscarini},
  editor    = {Jing Gao},
  title     = {Haplotype-based prediction of gene alleles using pedigrees and {SNP}
               genotypes},
  booktitle = {{ACM} Conference on Bioinformatics, Computational Biology and Biomedical
               Informatics. {ACM-BCB} 2013, Washington, DC, USA, September 22-25,
               2013},
  pages     = {33},
  publisher = {{ACM}},
  year      = {2013},
  url       = {https://doi.org/10.1145/2506583.2506592},
  doi       = {10.1145/2506583.2506592},
  timestamp = {Mon, 15 Jun 2020 01:00:00 +0200},
  biburl    = {https://dblp.org/rec/conf/bcb/PirolaVBSB13.bib},
  bibsource = {dblp computer science bibliography, https://dblp.org}
}

@inproceedings{DBLP:conf/bibm/BerettaBRV12,
  author    = {Stefano Beretta and
               Paola Bonizzoni and
               Raffaella Rizzi and
               Della Vedova, Gianluca},
  title     = {Reconstructing isoform graphs from RNA-Seq data},
  booktitle = {2012 {IEEE} International Conference on Bioinformatics and Biomedicine,
               {BIBM} 2012, Philadelphia, PA, USA, October 4-7, 2012},
  pages     = {1--4},
  publisher = {{IEEE} Computer Society},
  year      = {2012},
  url       = {https://doi.org/10.1109/BIBM.2012.6392734},
  doi       = {10.1109/BIBM.2012.6392734},
  timestamp = {Wed, 16 Oct 2019 14:14:56 +0200},
  biburl    = {https://dblp.org/rec/conf/bibm/BerettaBRV12.bib},
  bibsource = {dblp computer science bibliography, https://dblp.org}
}

@inproceedings{DBLP:conf/iccabs/PirolaVBSB12,
  author    = {Yuri Pirola and
               Della Vedova, Gianluca and
               Stefano Biffani and
               Alessandra Stella and
               Paola Bonizzoni},
  editor    = {Sorin Istrail and
               Ion I. Mandoiu and
               Mihai Pop and
               Sanguthevar Rajasekaran and
               John L. Spouge},
  title     = {A fast and practical approach to genotype phasing and imputation on
               a pedigree with erroneous and incomplete information},
  booktitle = {{IEEE} 2nd International Conference on Computational Advances in Bio
               and Medical Sciences, {ICCABS} 2012, Las Vegas, NV, USA, February
               23-25, 2012},
  pages     = {1--6},
  publisher = {{IEEE} Computer Society},
  year      = {2012},
  url       = {https://doi.org/10.1109/ICCABS.2012.6182643},
  doi       = {10.1109/ICCABS.2012.6182643},
  timestamp = {Mon, 15 Jun 2020 01:00:00 +0200},
  biburl    = {https://dblp.org/rec/conf/iccabs/PirolaVBSB12.bib},
  bibsource = {dblp computer science bibliography, https://dblp.org}
}

@inproceedings{DBLP:conf/iccabs/BonizzoniVPR11,
  author    = {Paola Bonizzoni and
               Della Vedova, Gianluca and
               Yuri Pirola and
               Raffaella Rizzi},
  editor    = {Ion I. Mandoiu and
               Satoru Miyano and
               Teresa M. Przytycka and
               Sanguthevar Rajasekaran},
  title     = {PIntron: {A} fast method for gene structure prediction via maximal
               pairings of a pattern and a text},
  booktitle = {{IEEE} 1st International Conference on Computational Advances in Bio
               and Medical Sciences, {ICCABS} 2011, Orlando, FL, USA, February 3-5,
               2011},
  pages     = {33--39},
  publisher = {{IEEE} Computer Society},
  year      = {2011},
  url       = {https://doi.org/10.1109/ICCABS.2011.5729935},
  doi       = {10.1109/ICCABS.2011.5729935},
  timestamp = {Mon, 15 Jun 2020 01:00:00 +0200},
  biburl    = {https://dblp.org/rec/conf/iccabs/BonizzoniVPR11.bib},
  bibsource = {dblp computer science bibliography, https://dblp.org}
}


@inproceedings{DBLP:conf/iwoca/BonizzoniVDP10,
  author    = {Paola Bonizzoni and
               Della Vedova, Gianluca and
               Riccardo Dondi and
               Yuri Pirola},
  editor    = {Costas S. Iliopoulos and
               William F. Smyth},
  title     = {Parameterized Complexity of \emph{k}-Anonymity: Hardness and Tractability},
  booktitle = {Combinatorial Algorithms - 21st International Workshop, {IWOCA} 2010,
               London, UK, July 26-28, 2010, Revised Selected Papers},
  series    = {Lecture Notes in Computer Science},
  volume    = {6460},
  pages     = {242--255},
  publisher = {Springer},
  year      = {2010},
  url       = {https://doi.org/10.1007/978-3-642-19222-7\_25},
  doi       = {10.1007/978-3-642-19222-7\_25},
  timestamp = {Mon, 15 Jun 2020 01:00:00 +0200},
  biburl    = {https://dblp.org/rec/conf/iwoca/BonizzoniVDP10.bib},
  bibsource = {dblp computer science bibliography, https://dblp.org}
}

@inproceedings{DBLP:conf/fct/BonizzoniVD09,
  author    = {Paola Bonizzoni and
               Della Vedova, Gianluca and
               Riccardo Dondi},
  editor    = {Miroslaw Kutylowski and
               Witold Charatonik and
               Maciej Gebala},
  title     = {The \emph{k}-Anonymity Problem Is Hard},
  booktitle = {Fundamentals of Computation Theory, 17th International Symposium,
               {FCT} 2009, Wroclaw, Poland, September 2-4, 2009. Proceedings},
  series    = {Lecture Notes in Computer Science},
  volume    = {5699},
  pages     = {26--37},
  publisher = {Springer},
  year      = {2009},
  url       = {https://doi.org/10.1007/978-3-642-03409-1\_4},
  doi       = {10.1007/978-3-642-03409-1\_4},
  timestamp = {Tue, 14 May 2019 10:00:53 +0200},
  biburl    = {https://dblp.org/rec/conf/fct/BonizzoniVD09.bib},
  bibsource = {dblp computer science bibliography, https://dblp.org}
}

@inproceedings{DBLP:conf/ictcs/BonizzoniVD09,
  author    = {Paola Bonizzoni and
               Della Vedova, Gianluca and
               Riccardo Dondi},
  editor    = {Alessandra Cherubini and
               Mario Coppo and
               Giuseppe Persiano},
  title     = {A {PTAS} for the Minimum Consensus Clustering Problem with a Fixed
               Number of Clusters},
  booktitle = {Theoretical Computer Science, 11th Italian Conference, {ICTCS} 2009,
               Cremona, Italy, September 28-30, 2009, Proceedings},
  pages     = {55--58},
  year      = {2009},
  timestamp = {Tue, 28 May 2013 14:21:59 +0200},
  biburl    = {https://dblp.org/rec/conf/ictcs/BonizzoniVD09.bib},
  bibsource = {dblp computer science bibliography, https://dblp.org}
}

@inproceedings{DBLP:conf/isbra/BonizzoniVDPR09,
  author    = {Paola Bonizzoni and
               Della Vedova, Gianluca and
               Riccardo Dondi and
               Yuri Pirola and
               Romeo Rizzi},
  editor    = {Ion I. Mandoiu and
               Giri Narasimhan and
               Yanqing Zhang},
  title     = {Pure Parsimony Xor Haplotyping},
  booktitle = {Bioinformatics Research and Applications, 5th International Symposium,
               {ISBRA} 2009, Fort Lauderdale, FL, USA, May 13-16, 2009, Proceedings},
  series    = {Lecture Notes in Computer Science},
  volume    = {5542},
  pages     = {186--197},
  publisher = {Springer},
  year      = {2009},
  url       = {https://doi.org/10.1007/978-3-642-01551-9\_19},
  doi       = {10.1007/978-3-642-01551-9\_19},
  timestamp = {Mon, 15 Jun 2020 01:00:00 +0200},
  biburl    = {https://dblp.org/rec/conf/isbra/BonizzoniVDPR09.bib},
  bibsource = {dblp computer science bibliography, https://dblp.org}
}

@inproceedings{DBLP:conf/wabi/BonizzoniVDPR09,
  author    = {Paola Bonizzoni and
               Della Vedova, Gianluca and
               Riccardo Dondi and
               Yuri Pirola and
               Raffaella Rizzi},
  editor    = {Steven Salzberg and
               Tandy J. Warnow},
  title     = {Minimum Factorization Agreement of Spliced {EST}s},
  booktitle = {Algorithms in Bioinformatics, 9th International Workshop, {WABI} 2009,
               Philadelphia, PA, USA, September 12-13, 2009. Proceedings},
  series    = {Lecture Notes in Computer Science},
  volume    = {5724},
  pages     = {1--12},
  publisher = {Springer},
  year      = {2009},
  url       = {https://doi.org/10.1007/978-3-642-04241-6\_1},
  doi       = {10.1007/978-3-642-04241-6\_1},
  timestamp = {Mon, 15 Jun 2020 01:00:00 +0200},
  biburl    = {https://dblp.org/rec/conf/wabi/BonizzoniVDPR09.bib},
  bibsource = {dblp computer science bibliography, https://dblp.org}
}

@inproceedings{DBLP:conf/cpm/BonizzoniVDM06,
  author    = {Paola Bonizzoni and
               Della Vedova, Gianluca and
               Riccardo Dondi and
               Giancarlo Mauri},
  editor    = {Moshe Lewenstein and
               Gabriel Valiente},
  title     = {Fingerprint Clustering with Bounded Number of Missing Values},
  booktitle = {Combinatorial Pattern Matching, 17th Annual Symposium, {CPM} 2006,
               Barcelona, Spain, July 5-7, 2006, Proceedings},
  series    = {Lecture Notes in Computer Science},
  volume    = {4009},
  pages     = {106--116},
  publisher = {Springer},
  year      = {2006},
  url       = {https://doi.org/10.1007/11780441\_11},
  doi       = {10.1007/11780441\_11},
  timestamp = {Tue, 14 May 2019 10:00:38 +0200},
  biburl    = {https://dblp.org/rec/conf/cpm/BonizzoniVDM06.bib},
  bibsource = {dblp computer science bibliography, https://dblp.org}
}

@inproceedings{DBLP:conf/iccS/BonizzoniVDFV06,
  author    = {Paola Bonizzoni and
               Della Vedova, Gianluca and
               Riccardo Dondi and
               Guillaume Fertin and
               St{\'{e}}phane Vialette},
  editor    = {Vassil N. Alexandrov and
               G. Dick van Albada and
               Peter M. A. Sloot and
               Jack J. Dongarra},
  title     = {Exemplar Longest Common Subsequence},
  booktitle = {Computational Science - {ICCS} 2006, 6th International Conference,
               Reading, UK, May 28-31, 2006, Proceedings, Part {II}},
  series    = {Lecture Notes in Computer Science},
  volume    = {3992},
  pages     = {622--629},
  publisher = {Springer},
  year      = {2006},
  url       = {https://doi.org/10.1007/11758525\_85},
  doi       = {10.1007/11758525\_85},
  timestamp = {Tue, 14 May 2019 10:00:48 +0200},
  biburl    = {https://dblp.org/rec/conf/iccS/BonizzoniVDFV06.bib},
  bibsource = {dblp computer science bibliography, https://dblp.org}
}

@inproceedings{DBLP:conf/iccS/BonizzoniVDM05,
  author    = {Paola Bonizzoni and
               Della Vedova, Gianluca and
               Riccardo Dondi and
               Lorenzo Mariani},
  editor    = {Vaidy S. Sunderam and
               G. Dick van Albada and
               Peter M. A. Sloot and
               Jack J. Dongarra},
  title     = {Experimental Analysis of a New Algorithm for Partial Haplotype Completion},
  booktitle = {Computational Science - {ICCS} 2005, 5th International Conference,
               Atlanta, GA, USA, May 22-25, 2005, Proceedings, Part {II}},
  series    = {Lecture Notes in Computer Science},
  volume    = {3515},
  pages     = {952--959},
  publisher = {Springer},
  year      = {2005},
  url       = {https://doi.org/10.1007/11428848\_121},
  doi       = {10.1007/11428848\_121},
  timestamp = {Tue, 14 May 2019 10:00:48 +0200},
  biburl    = {https://dblp.org/rec/conf/iccS/BonizzoniVDM05.bib},
  bibsource = {dblp computer science bibliography, https://dblp.org}
}

@inproceedings{DBLP:conf/isaac/BonizzoniVDJ05,
  author    = {Paola Bonizzoni and
               Della Vedova, Gianluca and
               Riccardo Dondi and
               Tao Jiang},
  editor    = {Xiaotie Deng and
               Ding{-}Zhu Du},
  title     = {Correlation Clustering and Consensus Clustering},
  booktitle = {Algorithms and Computation, 16th International Symposium, {ISAAC}
               2005, Sanya, Hainan, China, December 19-21, 2005, Proceedings},
  series    = {Lecture Notes in Computer Science},
  volume    = {3827},
  pages     = {226--235},
  publisher = {Springer},
  year      = {2005},
  url       = {https://doi.org/10.1007/11602613\_24},
  doi       = {10.1007/11602613\_24},
  timestamp = {Tue, 14 May 2019 10:00:50 +0200},
  biburl    = {https://dblp.org/rec/conf/isaac/BonizzoniVDJ05.bib},
  bibsource = {dblp computer science bibliography, https://dblp.org}
}

@inproceedings{DBLP:conf/cmsb/PozziVM04,
  author    = {Sergio Pozzi and
               Della Vedova, Gianluca and
               Giancarlo Mauri},
  editor    = {Vincent Danos and
               Vincent Sch{\"{a}}chter},
  title     = {An Explicit Upper Bound for the Approximation Ratio of the Maximum
               Gene Regulatory Network Problem},
  booktitle = {Computational Methods in Systems Biology, International Conference,
               {CMSB} 2004, Paris, France, May 26-28, 2004, Revised Selected Papers},
  series    = {Lecture Notes in Computer Science},
  volume    = {3082},
  pages     = {1--8},
  publisher = {Springer},
  year      = {2004},
  url       = {https://doi.org/10.1007/978-3-540-25974-9\_1},
  doi       = {10.1007/978-3-540-25974-9\_1},
  timestamp = {Tue, 14 May 2019 10:00:49 +0200},
  biburl    = {https://dblp.org/rec/conf/cmsb/PozziVM04.bib},
  bibsource = {dblp computer science bibliography, https://dblp.org}
}

@inproceedings{DBLP:conf/ciac/BonizzoniVD03,
  author    = {Paola Bonizzoni and
               Della Vedova, Gianluca and
               Riccardo Dondi},
  editor    = {Rossella Petreschi and
               Giuseppe Persiano and
               Riccardo Silvestri},
  title     = {Reconciling Gene Trees to a Species Tree},
  booktitle = {Algorithms and Complexity, 5th Italian Conference, {CIAC} 2003, Rome,
               Italy, May 28-30, 2003, Proceedings},
  series    = {Lecture Notes in Computer Science},
  volume    = {2653},
  pages     = {120--131},
  publisher = {Springer},
  year      = {2003},
  url       = {https://doi.org/10.1007/3-540-44849-7\_18},
  doi       = {10.1007/3-540-44849-7\_18},
  timestamp = {Thu, 14 Oct 2021 01:00:00 +0200},
  biburl    = {https://dblp.org/rec/conf/ciac/BonizzoniVD03.bib},
  bibsource = {dblp computer science bibliography, https://dblp.org}
}

@inproceedings{DBLP:conf/sac/VedovaW02,
  author    = {Della Vedova, Gianluca and
               Todd Wareham},
  editor    = {Gary B. Lamont and
               Hisham Haddad and
               George A. Papadopoulos and
               Brajendra Panda},
  title     = {Optimal algorithms for local vertex quartet cleaning},
  booktitle = {Proceedings of the 2002 {ACM} Symposium on Applied Computing (SAC),
               March 10-14, 2002, Madrid, Spain},
  pages     = {173--177},
  publisher = {{ACM}},
  year      = {2002},
  url       = {https://doi.org/10.1145/508791.508827},
  doi       = {10.1145/508791.508827},
  timestamp = {Tue, 06 Nov 2018 11:06:47 +0100},
  biburl    = {https://dblp.org/rec/conf/sac/VedovaW02.bib},
  bibsource = {dblp computer science bibliography, https://dblp.org}
}

@inproceedings{DBLP:conf/soda/VedovaJLW02,
  author    = {Della Vedova, Gianluca and
               Tao Jiang and
               Jing Li and
               Jianjun Wen},
  editor    = {David Eppstein},
  title     = {Approximating minimum quartet inconsistency (abstract)},
  booktitle = {Proceedings of the Thirteenth Annual {ACM-SIAM} Symposium on Discrete
               Algorithms, January 6-8, 2002, San Francisco, CA, {USA}},
  pages     = {894--895},
  publisher = {{ACM/SIAM}},
  year      = {2002},
  url       = {http://dl.acm.org/citation.cfm?id=545381.545497},
  timestamp = {Thu, 31 Mar 2016 01:00:00 +0200},
  biburl    = {https://dblp.org/rec/conf/soda/VedovaJLW02.bib},
  bibsource = {dblp computer science bibliography, https://dblp.org}
}

@inproceedings{DBLP:conf/ismb/BornemanCVFJ01,
  author    = {James Borneman and
               Marek Chrobak and
               Della Vedova, Gianluca and
               Andres Figueroa and
               Tao Jiang},
  title     = {Probe selection algorithms with applications in the analysis of microbial
               communities},
  booktitle = {Proceedings of the Ninth International Conference on Intelligent Systems
               for Molecular Biology, July 21-25, 2001, Copenhagen, Denmark},
  pages     = {39--48},
  year      = {2001},
  timestamp = {Thu, 31 Mar 2016 01:00:00 +0200},
  biburl    = {https://dblp.org/rec/conf/ismb/BornemanCVFJ01.bib},
  bibsource = {dblp computer science bibliography, https://dblp.org}
}

@inproceedings{DBLP:conf/sac/BaroneBVM01,
  author    = {Paolo Barone and
               Paola Bonizzoni and
               Della Vedova, Gianluca and
               Giancarlo Mauri},
  editor    = {Gary B. Lamont},
  title     = {An approximation algorithm for the shortest common supersequence problem:
               an experimental analysis},
  booktitle = {Proceedings of the 2001 {ACM} Symposium on Applied Computing (SAC),
               March 11-14, 2001, Las Vegas, NV, {USA}},
  pages     = {56--60},
  publisher = {{ACM}},
  year      = {2001},
  url       = {https://doi.org/10.1145/372202.372275},
  doi       = {10.1145/372202.372275},
  timestamp = {Mon, 15 Jun 2020 01:00:00 +0200},
  biburl    = {https://dblp.org/rec/conf/sac/BaroneBVM01.bib},
  bibsource = {dblp computer science bibliography, https://dblp.org}
}

@inproceedings{DBLP:conf/cpm/BonizzoniVM00,
  author    = {Paola Bonizzoni and
               Della Vedova, Gianluca and
               Giancarlo Mauri},
  editor    = {Raffaele Giancarlo and
               David Sankoff},
  title     = {Approximating the Maximum Isomorphic Agreement Subtree Is Hard},
  booktitle = {Combinatorial Pattern Matching, 11th Annual Symposium, {CPM} 2000,
               Montreal, Canada, June 21-23, 2000, Proceedings},
  series    = {Lecture Notes in Computer Science},
  volume    = {1848},
  pages     = {119--128},
  publisher = {Springer},
  year      = {2000},
  url       = {https://doi.org/10.1007/3-540-45123-4\_12},
  doi       = {10.1007/3-540-45123-4\_12},
  timestamp = {Tue, 14 May 2019 10:00:38 +0200},
  biburl    = {https://dblp.org/rec/conf/cpm/BonizzoniVM00.bib},
  bibsource = {dblp computer science bibliography, https://dblp.org}
}

@inproceedings{DBLP:conf/stringology/JustV00,
  author    = {Winfried Just and
               Della Vedova, Gianluca},
  title     = {Multiple Sequence Alignment as a Facility Location Problem},
  booktitle = {Proceedings of the Prague Stringology Club Workshop 2000, Prague,
               Czech Republic, September 2, 2000},
  pages     = {60--70},
  publisher = {Department of Computer Science and Engineering, Faculty of Electrical
               Engineering, Czech Technical University},
  year      = {2000},
  url       = {http://www.stringology.org/event/2000/p6.html},
  timestamp = {Wed, 10 Feb 2021 08:42:22 +0100},
  biburl    = {https://dblp.org/rec/conf/stringology/JustV00.bib},
  bibsource = {dblp computer science bibliography, https://dblp.org}
}

@inproceedings{alex98,
  author    = {Paola Bonizzoni and
    D'Alessandro, Massimo and
               Della Vedova, Gianluca and
               Giancarlo Mauri},
    booktitle       = {Algorithms and Experiments (ALEX98)},
    title           = {Experimenting an Approximation Algorithm for the LCS},
    year            = {1998},
    pages           = {96--102},
}

@inproceedings{DBLP:conf/wg/BonizzoniV95,
  author    = {Paola Bonizzoni and
               Della Vedova, Gianluca},
  editor    = {Manfred Nagl},
  title     = {Modular Decomposition of Hypergraphs},
  booktitle = {Graph-Theoretic Concepts in Computer Science, 21st International Workshop,
               {WG} '95, Aachen, Germany, June 20-22, 1995, Proceedings},
  series    = {Lecture Notes in Computer Science},
  volume    = {1017},
  pages     = {303--317},
  publisher = {Springer},
  year      = {1995},
  url       = {https://doi.org/10.1007/3-540-60618-1\_84},
  doi       = {10.1007/3-540-60618-1\_84},
  timestamp = {Thu, 14 Oct 2021 10:32:32 +0200},
  biburl    = {https://dblp.org/rec/conf/wg/BonizzoniV95.bib},
  bibsource = {dblp computer science bibliography, https://dblp.org}
}
