@unpublished{Ciccolella_2020,
	doi = {10.1101/2020.05.05.076992},
	url = {https://doi.org/10.1101%2F2020.05.05.076992},
	year = 2020,
	month = {may},
	publisher = {Cold Spring Harbor Laboratory},
	author = {Simone Ciccolella and Luca Denti and Paola Bonizzoni and Della Vedova, Gianluca and Yuri Pirola and Marco Previtali},
	title = {{MALVIRUS}: an integrated web application for viral variant calling}
}

@unpublished{Beretta_2016,
	doi = {10.7287/peerj.preprints.2212v1},
	url = {https://doi.org/10.7287%2Fpeerj.preprints.2212v1},
	year = 2016,
	month = {jul},
	publisher = {{PeerJ}},
	author = {Stefano Beretta and Yuri Pirola and Valeria Ranzani and Grazisa Rossetti and Raoul Bonnal and Raffaella Rizzi and Della Vedova, Gianluca and Massimiliano Pagani and Paola Bonizzoni},
	title = {A tool for the comparison of transcript differential expression analysis pipelines}
}
